<record><leader>00000cas a22000007a 4500</leader><controlfield tag="001">18841333</controlfield><controlfield tag="008">881205d19121942nduwr ne      0    0eng d</controlfield><datafield ind1=" " ind2=" " tag="010"><subfield code="a">sn 88076502 </subfield></datafield><datafield ind1=" " ind2=" " tag="040"><subfield code="a">NOP</subfield><subfield code="b">eng</subfield><subfield code="c">NOP</subfield><subfield code="d">OCLCQ</subfield><subfield code="d">OCLCO</subfield></datafield><datafield ind1="1" ind2=" " tag="029"><subfield code="a">AU@</subfield><subfield code="b">000025839065</subfield></datafield><datafield ind1=" " ind2=" " tag="042"><subfield code="a">msc</subfield></datafield><datafield ind1="0" ind2="0" tag="245"><subfield code="a">Rolette record.</subfield></datafield><datafield ind1=" " ind2=" " tag="260"><subfield code="a">Rolette, Rolette County, N.D. :</subfield><subfield code="b">Chas. W. Sibley</subfield></datafield><datafield ind1=" " ind2=" " tag="300"><subfield code="a">38 v. :</subfield><subfield code="b">ill. ;</subfield><subfield code="c">50 cm.</subfield></datafield><datafield ind1=" " ind2=" " tag="310"><subfield code="a">Weekly</subfield></datafield><datafield ind1="0" ind2=" " tag="362"><subfield code="a">Vol. 8, no. 8 (Nov. 14, 1912)-v. 46, no. 30 (Apr. 30, 1942).</subfield></datafield><datafield ind1=" " ind2=" " tag="500"><subfield code="a">Special sections: "The Mylo Advance," Feb. 10, 1928-Jan. 3, 1929, "The Dunseith Tribune," Feb. 24, 1928-Aug. 15, 1929, "The Cub" [Rolette High School], 1929-1932.</subfield></datafield><datafield ind1=" " ind2=" " tag="515"><subfield code="a">Suspended publication May 18-Nov. 22, 1928.</subfield></datafield><datafield ind1=" " ind2=" " tag="530"><subfield code="a">Available on microfilm from the State Historical Society of North Dakota.</subfield></datafield><datafield ind1="0" ind2=" " tag="730"><subfield code="a">Mylo advance.</subfield></datafield><datafield ind1="0" ind2=" " tag="730"><subfield code="a">Dunseith tribune.</subfield></datafield><datafield ind1="0" ind2=" " tag="730"><subfield code="a">Cappelens utvalgte billigb&#248;ker.</subfield></datafield><datafield ind1=" " ind2=" " tag="752"><subfield code="a">United States</subfield><subfield code="b">North Dakota</subfield><subfield code="c">Rolette</subfield><subfield code="d">Rolette.</subfield></datafield><datafield ind1="0" ind2="0" tag="780"><subfield code="t">Rolette record and McCumber herald</subfield><subfield code="w">(DLC)sn 88076501</subfield></datafield></record>